@article{zhu2021retrieving,
	title={Retrieving and reading: A comprehensive survey on open-domain question answering},
	author={Zhu, Fengbin and Lei, Wenqiang and Wang, Chao and Zheng, Jianming and Poria, Soujanya and Chua, Tat-Seng},
	journal={arXiv preprint arXiv:2101.00774},
	year={2021}
}

@misc{qian2022multivector,
	title={Multi-Vector Retrieval as Sparse Alignment}, 
	author={Yujie Qian and Jinhyuk Lee and Sai Meher Karthik Duddu and Zhuyun Dai and Siddhartha Brahma and Iftekhar Naim and Tao Lei and Vincent Y. Zhao},
	year={2022},
	eprint={2211.01267},
	archivePrefix={arXiv},
	primaryClass={cs.CL}
}

@misc{khattab2020colbert,
	title={ColBERT: Efficient and Effective Passage Search via Contextualized Late Interaction over BERT}, 
	author={Omar Khattab and Matei Zaharia},
	year={2020},
	eprint={2004.12832},
	archivePrefix={arXiv},
	primaryClass={cs.IR}
}